Datum,Tijd,Valutadatum,Product,ISIN,Omschrijving,FX,Mutatie,,Saldo,,OrderID
05-02-2024,22:48,05-02-2024,,,"Overboeking van uw geldrekening bij flatexDEGIRO Bank AG: 7,38 EUR",,,,EUR,-0.12,
05-02-2024,22:48,05-02-2024,FLATEX EURO BANKACCOUNT,NLFLATEXACNT,Degiro Cash Sweep Transfer,,EUR,7.38,EUR,7.26,
05-02-2024,07:16,31-01-2024,,,DEGIRO Aansluitingskosten 2024 (New York Stock Exchange - NSY),,EUR,-2.50,EUR,-0.12,
05-02-2024,07:16,31-01-2024,,,DEGIRO Aansluitingskosten 2024 (Nasdaq - NDQ),,EUR,-2.50,EUR,2.38,
05-02-2024,07:16,31-01-2024,,,DEGIRO Aansluitingskosten 2024 (Xetra - XET),,EUR,-2.50,EUR,4.88,
12-01-2024,10:32,11-01-2024,,,"Overboeking van uw geldrekening bij flatexDEGIRO Bank AG: 282,25 EUR",,,,EUR,7.38,
12-01-2024,10:32,11-01-2024,FLATEX EURO BANKACCOUNT,NLFLATEXACNT,Degiro Cash Sweep Transfer,,EUR,282.25,EUR,289.63,
11-01-2024,21:05,11-01-2024,PAYPAL HOLDINGS INC.,US70450Y1038,Valuta Creditering,1.0947,USD,305.70,USD,0.00,7ce271a8-ce3c-4e71-b55d-a75eb6c08fc5
11-01-2024,21:05,11-01-2024,PAYPAL HOLDINGS INC.,US70450Y1038,Valuta Debitering,,EUR,-279.27,EUR,7.38,7ce271a8-ce3c-4e71-b55d-a75eb6c08fc5
11-01-2024,21:05,11-01-2024,PAYPAL HOLDINGS INC.,US70450Y1038,Transactiebelasting België,,EUR,-0.98,EUR,286.65,7ce271a8-ce3c-4e71-b55d-a75eb6c08fc5
11-01-2024,21:05,11-01-2024,PAYPAL HOLDINGS INC.,US70450Y1038,DEGIRO Transactiekosten en/of kosten van derden,,EUR,-2.00,EUR,287.63,7ce271a8-ce3c-4e71-b55d-a75eb6c08fc5
11-01-2024,21:05,11-01-2024,PAYPAL HOLDINGS INC.,US70450Y1038,"Koop 5 @ 61,14 USD",,USD,-305.70,USD,-305.70,7ce271a8-ce3c-4e71-b55d-a75eb6c08fc5
09-01-2024,17:02,09-01-2024,,,"Overboeking van uw geldrekening bij flatexDEGIRO Bank AG: 101,37 EUR",,,,EUR,289.63,
09-01-2024,17:02,09-01-2024,FLATEX EURO BANKACCOUNT,NLFLATEXACNT,Degiro Cash Sweep Transfer,,EUR,101.37,EUR,391.00,
09-01-2024,04:50,08-01-2024,,,Sofort Deposit,,EUR,391.00,EUR,289.63,
09-01-2024,04:50,08-01-2024,,,Reservation iDEAL / Sofort Deposit,,EUR,-391.00,EUR,-101.37,
08-01-2024,12:32,05-01-2024,,,"Overboeking van uw geldrekening bij flatexDEGIRO Bank AG: 145,83 EUR",,,,EUR,289.63,
08-01-2024,12:32,05-01-2024,FLATEX EURO BANKACCOUNT,NLFLATEXACNT,Degiro Cash Sweep Transfer,,EUR,145.83,EUR,435.46,
05-01-2024,16:05,05-01-2024,ISHARES MSCI WOR A,IE00B4L5Y983,Transactiebelasting België,,EUR,-0.29,EUR,289.63,cb399e7c-c726-43b2-aaa8-f1f91626bbef
05-01-2024,16:05,05-01-2024,ISHARES MSCI WOR A,IE00B4L5Y983,DEGIRO Transactiekosten en/of kosten van derden,,EUR,-1.00,EUR,289.92,cb399e7c-c726-43b2-aaa8-f1f91626bbef
05-01-2024,16:05,05-01-2024,ISHARES MSCI WOR A,IE00B4L5Y983,"Koop 3 @ 81,635 EUR",,EUR,-244.91,EUR,290.92,cb399e7c-c726-43b2-aaa8-f1f91626bbef
05-01-2024,16:02,05-01-2024,,,Trustly/Sofort Storting Kosten,,EUR,-1.00,EUR,535.83,
05-01-2024,16:02,05-01-2024,,,Reservation iDEAL / Sofort Deposit,,EUR,391.00,EUR,536.83,
02-01-2024,07:01,02-01-2024,,,Flatex Interest Income,,EUR,0.00,EUR,145.83,
11-12-2023,15:20,11-12-2023,,,flatex Deposit,,EUR,80.00,EUR,145.83,
20-11-2023,17:32,20-11-2023,,,"Overboeking van uw geldrekening bij flatexDEGIRO Bank AG: 470,46 EUR",,,,EUR,65.83,
20-11-2023,17:32,20-11-2023,FLATEX EURO BANKACCOUNT,NLFLATEXACNT,Degiro Cash Sweep Transfer,,EUR,470.46,EUR,536.29,
20-11-2023,09:04,20-11-2023,ISHARES MSCI WOR A,IE00B4L5Y983,Transactiebelasting België,,EUR,-0.56,EUR,65.83,fd30570d-b453-493a-89cb-3c40a6c45612
20-11-2023,09:04,20-11-2023,ISHARES MSCI WOR A,IE00B4L5Y983,DEGIRO Transactiekosten en/of kosten van derden,,EUR,-1.00,EUR,66.39,fd30570d-b453-493a-89cb-3c40a6c45612
20-11-2023,09:04,20-11-2023,ISHARES MSCI WOR A,IE00B4L5Y983,"Koop 6 @ 78,15 EUR",,EUR,-468.90,EUR,67.39,fd30570d-b453-493a-89cb-3c40a6c45612
10-11-2023,16:00,10-11-2023,,,flatex Deposit,,EUR,80.00,EUR,536.29,
10-10-2023,11:21,10-10-2023,,,flatex Deposit,,EUR,80.00,EUR,456.29,
01-10-2023,16:31,30-09-2023,,,Flatex Interest Income,,EUR,0.00,EUR,376.29,
11-09-2023,17:01,11-09-2023,,,flatex Deposit,,EUR,80.00,EUR,376.29,
10-08-2023,11:11,10-08-2023,,,flatex Deposit,,EUR,80.00,EUR,296.29,
10-07-2023,15:21,10-07-2023,,,flatex Deposit,,EUR,80.00,EUR,216.29,
02-07-2023,07:01,30-06-2023,,,Flatex Interest Income,,EUR,0.00,EUR,136.29,
12-06-2023,15:11,12-06-2023,,,flatex Deposit,,EUR,80.00,EUR,136.29,
01-06-2023,17:49,01-06-2023,,,"Overboeking van uw geldrekening bij flatexDEGIRO Bank AG: 75,88 EUR",,,,EUR,56.29,
01-06-2023,17:49,01-06-2023,FLATEX EURO BANKACCOUNT,NLFLATEXACNT,Degiro Cash Sweep Transfer,,EUR,75.88,EUR,132.17,
01-06-2023,10:48,01-06-2023,ISHARES MSCI WOR A,IE00B4L5Y983,Transactiebelasting België,,EUR,-0.09,EUR,56.29,856e77b2-d1b0-421a-be6b-d00171a671bb
01-06-2023,10:48,01-06-2023,ISHARES MSCI WOR A,IE00B4L5Y983,DEGIRO Transactiekosten en/of kosten van derden,,EUR,-1.00,EUR,56.38,856e77b2-d1b0-421a-be6b-d00171a671bb
01-06-2023,10:48,01-06-2023,ISHARES MSCI WOR A,IE00B4L5Y983,"Koop 1 @ 74,795 EUR",,EUR,-74.80,EUR,57.38,856e77b2-d1b0-421a-be6b-d00171a671bb
09-05-2023,14:41,09-05-2023,,,flatex Deposit,,EUR,85.00,EUR,132.17,
26-04-2023,17:20,26-04-2023,,,"Overboeking van uw geldrekening bij flatexDEGIRO Bank AG: 217,15 EUR",,,,EUR,47.17,
26-04-2023,17:20,26-04-2023,FLATEX EURO BANKACCOUNT,NLFLATEXACNT,Degiro Cash Sweep Transfer,,EUR,217.15,EUR,264.32,
25-04-2023,16:26,25-04-2023,ISHARES MSCI WOR A,IE00B4L5Y983,Transactiebelasting België,,EUR,-0.26,EUR,47.17,d877e7ed-9500-4207-b28b-9df87e4c67a5
25-04-2023,16:26,25-04-2023,ISHARES MSCI WOR A,IE00B4L5Y983,"Koop 3 @ 72,295 EUR",,EUR,-216.89,EUR,47.43,d877e7ed-9500-4207-b28b-9df87e4c67a5
25-04-2023,15:11,25-04-2023,,,flatex Deposit,,EUR,240.00,EUR,264.32,
01-04-2023,23:01,31-03-2023,,,Flatex Interest Income,,EUR,0.00,EUR,24.32,
04-01-2023,05:37,03-01-2023,,,Overboeking van uw geldrekening bij flatexDEGIRO Bank AG: 5 EUR,,,,EUR,24.32,
04-01-2023,05:37,03-01-2023,FLATEX EURO BANKACCOUNT,NLFLATEXACNT,Degiro Cash Sweep Transfer,,EUR,5.00,EUR,29.32,
03-01-2023,13:59,31-12-2022,,,DEGIRO Aansluitingskosten 2023 (New York Stock Exchange - NSY),,EUR,-2.50,EUR,24.32,
03-01-2023,13:59,31-12-2022,,,DEGIRO Aansluitingskosten 2023 (Xetra - XET),,EUR,-2.50,EUR,26.82,
02-01-2023,06:21,02-01-2023,,,Flatex Interest Income,,EUR,0.00,EUR,29.32,
23-12-2022,12:19,22-12-2022,,,"Overboeking van uw geldrekening bij flatexDEGIRO Bank AG: 1.754,88 EUR",,,,EUR,29.32,
23-12-2022,12:19,22-12-2022,FLATEX EURO BANKACCOUNT,NLFLATEXACNT,Degiro Cash Sweep Transfer,,EUR,1754.88,EUR,1784.20,
22-12-2022,19:33,22-12-2022,,,"Overboeking van uw geldrekening bij flatexDEGIRO Bank AG: 69,76 EUR",,,,EUR,29.32,
22-12-2022,19:33,22-12-2022,FLATEX EURO BANKACCOUNT,NLFLATEXACNT,Degiro Cash Sweep Transfer,,EUR,69.76,EUR,99.08,
22-12-2022,15:30,22-12-2022,PALANTIR TECHNOLOGIES INC-A,US69608A1088,Valuta Creditering,1.0570,USD,1847.30,USD,0.00,f86fee52-d5a0-401f-8b40-f0b9839040a3
22-12-2022,15:30,22-12-2022,PALANTIR TECHNOLOGIES INC-A,US69608A1088,Valuta Debitering,,EUR,-1747.76,EUR,29.32,f86fee52-d5a0-401f-8b40-f0b9839040a3
22-12-2022,15:30,22-12-2022,PALANTIR TECHNOLOGIES INC-A,US69608A1088,Transactiebelasting België,,EUR,-6.12,EUR,1777.08,f86fee52-d5a0-401f-8b40-f0b9839040a3
22-12-2022,15:30,22-12-2022,PALANTIR TECHNOLOGIES INC-A,US69608A1088,DEGIRO Transactiekosten en/of kosten van derden,,EUR,-1.00,EUR,1783.20,f86fee52-d5a0-401f-8b40-f0b9839040a3
22-12-2022,15:30,22-12-2022,PALANTIR TECHNOLOGIES INC-A,US69608A1088,"Koop 290 @ 6,37 USD",,USD,-1847.30,USD,-1847.30,f86fee52-d5a0-401f-8b40-f0b9839040a3
22-12-2022,11:21,21-12-2022,,,"Overboeking naar uw geldrekening bij flatexDEGIRO Bank AG: 1.847,64 EUR",,,,EUR,1784.20,
22-12-2022,11:21,21-12-2022,FLATEX EURO BANKACCOUNT,NLFLATEXACNT,Degiro Cash Sweep Transfer,,EUR,-1847.64,EUR,-63.44,
22-12-2022,09:05,22-12-2022,ISHARES MSCI WOR A,IE00B4L5Y983,Transactiebelasting België,,EUR,-0.08,EUR,1784.20,a090c220-d2e1-4c40-bfbc-106f6999de42
22-12-2022,09:05,22-12-2022,ISHARES MSCI WOR A,IE00B4L5Y983,"Koop 1 @ 69,68 EUR",,EUR,-69.68,EUR,1784.28,a090c220-d2e1-4c40-bfbc-106f6999de42
21-12-2022,18:37,21-12-2022,PALANTIR TECHNOLOGIES INC,US69608A1088,Transactiebelasting België,,EUR,-6.15,EUR,1853.96,24ca76e8-c34e-4438-8793-14789dd2463a
21-12-2022,18:37,21-12-2022,PALANTIR TECHNOLOGIES INC,US69608A1088,DEGIRO Transactiekosten en/of kosten van derden,,EUR,-3.90,EUR,1860.11,24ca76e8-c34e-4438-8793-14789dd2463a
21-12-2022,18:37,21-12-2022,PALANTIR TECHNOLOGIES INC,US69608A1088,"Verkoop 290 @ 6,061 EUR",,EUR,1757.69,EUR,1864.01,24ca76e8-c34e-4438-8793-14789dd2463a
21-12-2022,15:55,21-12-2022,,,Storting,,EUR,100.00,EUR,106.32,
02-10-2022,04:11,30-09-2022,,,Flatex Interest Income,,EUR,0.00,EUR,6.32,
25-08-2022,07:24,25-08-2022,TESLA INC,US88160R1014,"STOCK SPLIT: Koop 300 @ 301,7 EUR",,EUR,-90510.00,EUR,6.32,
25-08-2022,07:24,25-08-2022,TESLA INC,US88160R1014,"STOCK SPLIT: Verkoop 100 @ 905,1 EUR",,EUR,90510.00,EUR,90516.32,
03-07-2022,14:31,30-06-2022,,,Flatex Interest Income,,EUR,0.00,EUR,6.32,
02-04-2022,02:00,31-03-2022,,,Flatex Interest,,EUR,-0.06,EUR,6.32,
02-03-2022,17:47,02-03-2022,,,Overboeking van uw geldrekening bij flatexDEGIRO Bank AG: 5 EUR,,,,EUR,6.38,
02-03-2022,17:47,02-03-2022,FLATEX EURO BANKACCOUNT,NLFLATEXACNT,Degiro Cash Sweep Transfer,,EUR,5.00,EUR,11.38,
02-03-2022,08:42,28-02-2022,,,DEGIRO Aansluitingskosten 2022 (New York Stock Exchange - NSY),,EUR,-2.50,EUR,6.38,
02-03-2022,08:42,28-02-2022,,,DEGIRO Aansluitingskosten 2022 (Tradegate AG - TDG),,EUR,-2.50,EUR,8.88,
28-02-2022,07:05,27-02-2022,PALANTIR TECHNOLOGIES INC,US69608A1088,"INTERNE OVERBOEKING: Koop 290 @ 18,2373 EUR",,EUR,0.00,EUR,11.38,
28-02-2022,06:23,27-02-2022,PALANTIR TECHNOLOGIES INC,US69608A1088,"INTERNE OVERBOEKING: Verkoop 290 @ 18,2373 EUR",,EUR,0.00,EUR,11.38,
22-02-2022,21:17,22-02-2022,,,"Overboeking van uw geldrekening bij flatexDEGIRO Bank AG: 1.039,62 EUR",,,,EUR,11.38,
22-02-2022,21:17,22-02-2022,FLATEX EURO BANKACCOUNT,NLFLATEXACNT,Degiro Cash Sweep Transfer,,EUR,1039.62,EUR,1051.00,
22-02-2022,10:21,21-02-2022,,,Sofort Deposit,,EUR,1051.00,EUR,11.38,
22-02-2022,10:21,21-02-2022,,,Reservation iDEAL / Sofort Deposit,,EUR,-1051.00,EUR,-1039.62,
21-02-2022,10:17,18-02-2022,,,"Overboeking van uw geldrekening bij flatexDEGIRO Bank AG: 44,72 EUR",,,,EUR,11.38,
21-02-2022,10:17,18-02-2022,FLATEX EURO BANKACCOUNT,NLFLATEXACNT,Degiro Cash Sweep Transfer,,EUR,44.72,EUR,56.10,
18-02-2022,17:15,18-02-2022,PALANTIR TECHNOLOGIES INC-A,US69608A1088,Valuta Creditering,1.1295,USD,1223.04,USD,0.00,dc151580-d94f-4977-b8e0-c595b0bf0a79
18-02-2022,17:15,18-02-2022,PALANTIR TECHNOLOGIES INC-A,US69608A1088,Valuta Debitering,,EUR,-1082.84,EUR,11.38,dc151580-d94f-4977-b8e0-c595b0bf0a79
18-02-2022,17:15,18-02-2022,PALANTIR TECHNOLOGIES INC-A,US69608A1088,DEGIRO Transactiekosten en/of kosten van derden,,EUR,-0.50,EUR,1094.22,dc151580-d94f-4977-b8e0-c595b0bf0a79
18-02-2022,17:15,18-02-2022,PALANTIR TECHNOLOGIES INC-A,US69608A1088,"Koop 112 @ 10,92 USD",,USD,-1223.04,USD,-1223.04,dc151580-d94f-4977-b8e0-c595b0bf0a79
18-02-2022,17:13,18-02-2022,,,Trustly/Sofort Storting Kosten,,EUR,-1.00,EUR,1094.72,
18-02-2022,17:13,18-02-2022,,,Reservation iDEAL / Sofort Deposit,,EUR,1051.00,EUR,1095.72,
08-02-2022,16:31,08-02-2022,,,"Overboeking van uw geldrekening bij flatexDEGIRO Bank AG: 1.105,28 EUR",,,,EUR,44.72,
08-02-2022,16:31,08-02-2022,FLATEX EURO BANKACCOUNT,NLFLATEXACNT,Degiro Cash Sweep Transfer,,EUR,1105.28,EUR,1150.00,
08-02-2022,09:51,07-02-2022,,,Sofort Deposit,,EUR,1150.00,EUR,44.72,
08-02-2022,09:51,07-02-2022,,,Reservation iDEAL / Sofort Deposit,,EUR,-1150.00,EUR,-1105.28,
07-02-2022,10:17,04-02-2022,,,"Overboeking van uw geldrekening bij flatexDEGIRO Bank AG: 37,47 EUR",,,,EUR,44.72,
07-02-2022,10:17,04-02-2022,FLATEX EURO BANKACCOUNT,NLFLATEXACNT,Degiro Cash Sweep Transfer,,EUR,37.47,EUR,82.19,
04-02-2022,16:47,04-02-2022,,,Overboeking van uw geldrekening bij flatexDEGIRO Bank AG: 1 EUR,,,,EUR,44.72,
04-02-2022,16:47,04-02-2022,FLATEX EURO BANKACCOUNT,NLFLATEXACNT,Degiro Cash Sweep Transfer,,EUR,1.00,EUR,45.72,
04-02-2022,15:30,04-02-2022,PALANTIR TECHNOLOGIES INC-A,US69608A1088,Valuta Creditering,1.1408,USD,1303.12,USD,0.00,3444c0d1-3e68-4c78-9c7d-e1bb75b0f329
04-02-2022,15:30,04-02-2022,PALANTIR TECHNOLOGIES INC-A,US69608A1088,Valuta Debitering,,EUR,-1142.25,EUR,44.72,3444c0d1-3e68-4c78-9c7d-e1bb75b0f329
04-02-2022,15:30,04-02-2022,PALANTIR TECHNOLOGIES INC-A,US69608A1088,DEGIRO Transactiekosten en/of kosten van derden,,EUR,-0.50,EUR,1186.97,3444c0d1-3e68-4c78-9c7d-e1bb75b0f329
04-02-2022,15:30,04-02-2022,PALANTIR TECHNOLOGIES INC-A,US69608A1088,"Koop 104 @ 12,53 USD",,USD,-1303.12,USD,-1303.12,3444c0d1-3e68-4c78-9c7d-e1bb75b0f329
04-02-2022,11:51,04-02-2022,,,Trustly/Sofort Storting Kosten,,EUR,-1.00,EUR,1187.47,
04-02-2022,11:51,04-02-2022,,,Reservation iDEAL / Sofort Deposit,,EUR,1150.00,EUR,1188.47,
04-02-2022,10:16,03-02-2022,,,Overboeking van uw geldrekening bij flatexDEGIRO Bank AG: 5 EUR,,,,EUR,38.47,
04-02-2022,10:16,03-02-2022,FLATEX EURO BANKACCOUNT,NLFLATEXACNT,Degiro Cash Sweep Transfer,,EUR,5.00,EUR,43.47,
03-02-2022,10:00,31-01-2022,,,DEGIRO Aansluitingskosten 2022 (Boerse Frankfurt - FRA),,EUR,-2.50,EUR,38.47,
03-02-2022,10:00,31-01-2022,,,DEGIRO Aansluitingskosten 2022 (Xetra - XET),,EUR,-2.50,EUR,40.97,
30-12-2021,21:40,31-12-2021,,,Flatex Interest,,EUR,-0.05,EUR,43.47,
01-10-2021,17:21,30-09-2021,,,Flatex Interest,,EUR,-0.23,EUR,43.52,
24-08-2021,11:16,23-08-2021,,,"Overboeking van uw geldrekening bij flatexDEGIRO Bank AG: 2.456,25 EUR",,,,EUR,43.75,
24-08-2021,11:16,23-08-2021,FLATEX EURO BANKACCOUNT,NLFLATEXACNT,Degiro Cash Sweep Transfer,,EUR,2456.25,EUR,2500.00,
21-08-2021,08:42,20-08-2021,,,Sofort Deposit,,EUR,2500.00,EUR,43.75,
21-08-2021,08:42,20-08-2021,,,Reservation iDEAL / Sofort Deposit,,EUR,-2500.00,EUR,-2456.25,
20-08-2021,10:46,19-08-2021,,,Overboeking van uw geldrekening bij flatexDEGIRO Bank AG: 170 EUR,,,,EUR,43.75,
20-08-2021,10:46,19-08-2021,FLATEX EURO BANKACCOUNT,NLFLATEXACNT,Degiro Cash Sweep Transfer,,EUR,170.00,EUR,213.75,
19-08-2021,18:43,19-08-2021,PALANTIR TECHNOLOGIES INC,US69608A1088,DEGIRO Transactiekosten en/of kosten van derden,,EUR,-2.35,EUR,43.75,f99aae45-951f-487c-ae72-8d21c025db47
19-08-2021,18:43,19-08-2021,PALANTIR TECHNOLOGIES INC,US69608A1088,DEGIRO Transactiekosten en/of kosten van derden,,EUR,-7.50,EUR,46.10,f99aae45-951f-487c-ae72-8d21c025db47
19-08-2021,18:43,19-08-2021,PALANTIR TECHNOLOGIES INC,US69608A1088,"Koop 120 @ 21,795 EUR",,EUR,-2615.40,EUR,53.60,f99aae45-951f-487c-ae72-8d21c025db47
19-08-2021,18:41,19-08-2021,,,Trustly/Sofort Storting Kosten,,EUR,-1.00,EUR,2669.00,
19-08-2021,18:41,19-08-2021,,,Reservation iDEAL / Sofort Deposit,,EUR,2500.00,EUR,2670.00,
02-07-2021,19:50,30-06-2021,,,Flatex Interest,,EUR,-0.33,EUR,170.00,
01-07-2021,16:47,30-06-2021,,,"Overboeking van uw geldrekening bij flatexDEGIRO Bank AG: 2,5 EUR",,,,EUR,170.33,
01-07-2021,16:47,30-06-2021,FLATEX EURO BANKACCOUNT,NLFLATEXACNT,Degiro Cash Sweep Transfer,,EUR,2.50,EUR,172.83,
30-06-2021,09:47,31-05-2021,,,DEGIRO Exchange Connection Fee 2021 (Boerse Frankfurt - FRA),,EUR,-2.50,EUR,170.33,
17-05-2021,11:15,14-05-2021,,,"Overboeking van uw geldrekening bij flatexDEGIRO Bank AG: 6.827,17 EUR",,,,EUR,172.83,
17-05-2021,11:15,14-05-2021,FLATEX EURO BANKACCOUNT,NLFLATEXACNT,Degiro Cash Sweep Transfer,,EUR,6827.17,EUR,7000.00,
14-05-2021,13:08,13-05-2021,,,Sofort Deposit,,EUR,7000.00,EUR,172.83,
14-05-2021,13:08,13-05-2021,,,Reservation iDEAL / Sofort Deposit,,EUR,-7000.00,EUR,-6827.17,
13-05-2021,11:45,12-05-2021,,,"Overboeking van uw geldrekening bij flatexDEGIRO Bank AG: 218,89 EUR",,,,EUR,172.83,
13-05-2021,11:45,12-05-2021,FLATEX EURO BANKACCOUNT,NLFLATEXACNT,Degiro Cash Sweep Transfer,,EUR,218.89,EUR,391.72,
13-05-2021,09:04,13-05-2021,TESLA INC,US88160R1014,DEGIRO Transactiekosten en/of kosten van derden,,EUR,-2.18,EUR,172.83,1ebf7749-3f99-47dd-9f0f-2901fe3fc0e0
13-05-2021,09:04,13-05-2021,TESLA INC,US88160R1014,DEGIRO Transactiekosten en/of kosten van derden,,EUR,-4.00,EUR,175.01,1ebf7749-3f99-47dd-9f0f-2901fe3fc0e0
13-05-2021,09:04,13-05-2021,TESLA INC,US88160R1014,"Koop 9 @ 483,95 EUR",,EUR,-4355.55,EUR,179.01,1ebf7749-3f99-47dd-9f0f-2901fe3fc0e0
12-05-2021,18:25,12-05-2021,PALANTIR TECHNOLOGIES INC,US69608A1088,DEGIRO Transactiekosten en/of kosten van derden,,EUR,-2.41,EUR,4534.56,7cb238e5-27a1-416e-8b87-02e9961288ec
12-05-2021,18:25,12-05-2021,PALANTIR TECHNOLOGIES INC,US69608A1088,DEGIRO Transactiekosten en/of kosten van derden,,EUR,-7.50,EUR,4536.97,7cb238e5-27a1-416e-8b87-02e9961288ec
12-05-2021,18:25,12-05-2021,PALANTIR TECHNOLOGIES INC,US69608A1088,"Koop 170 @ 15,726 EUR",,EUR,-2673.42,EUR,4544.47,7cb238e5-27a1-416e-8b87-02e9961288ec
12-05-2021,18:22,12-05-2021,,,Trustly/Sofort Storting Kosten,,EUR,-1.00,EUR,7217.89,
12-05-2021,18:22,12-05-2021,,,Reservation iDEAL / Sofort Deposit,,EUR,7000.00,EUR,7218.89,
02-04-2021,01:51,31-03-2021,,,Flatex Interest,,EUR,-0.19,EUR,218.89,
02-03-2021,12:48,02-03-2021,,,"Overboeking van uw geldrekening bij flatexDEGIRO Bank AG: 2,5 EUR",,,,EUR,219.08,
02-03-2021,12:48,02-03-2021,FLATEX EURO BANKACCOUNT,NLFLATEXACNT,Degiro Cash Sweep Transfer,,EUR,2.50,EUR,221.58,
01-03-2021,17:45,26-02-2021,,,Terugstorting geweigerd,,EUR,220.00,EUR,219.08,
01-03-2021,12:02,01-03-2021,,,"Overboeking naar uw geldrekening bij flatexDEGIRO Bank AG: 194,7 EUR",,,,EUR,-0.92,
01-03-2021,12:02,01-03-2021,FLATEX EURO BANKACCOUNT,NLFLATEXACNT,Degiro Cash Sweep Transfer,,EUR,-194.70,EUR,-195.62,
01-03-2021,11:20,28-02-2021,,,DEGIRO Exchange Connection Fee 2021 (Nasdaq - NDQ),,EUR,-2.50,EUR,-0.92,
26-02-2021,19:28,26-02-2021,,,Terugstorting geweigerd,,EUR,-220.00,EUR,1.58,
26-02-2021,16:09,26-02-2021,TESLA INC,US88160R1014,DEGIRO Transactiekosten en/of kosten van derden,,EUR,-1.10,EUR,221.58,88a35a69-612e-412a-90aa-1070c214719c
26-02-2021,16:09,26-02-2021,TESLA INC,US88160R1014,DEGIRO Transactiekosten en/of kosten van derden,,EUR,-4.00,EUR,222.68,88a35a69-612e-412a-90aa-1070c214719c
26-02-2021,16:09,26-02-2021,TESLA INC,US88160R1014,"Koop 4 @ 547,8 EUR",,EUR,-2191.20,EUR,226.68,88a35a69-612e-412a-90aa-1070c214719c
26-02-2021,15:32,26-02-2021,TS INNOVATION ACQUISITIONS CORP. -,US87284T1007,Valuta Debitering,1.2141,USD,-2904.40,USD,0.00,22cdaf8e-9876-49b8-8cfe-062ab9a7081d
26-02-2021,15:32,26-02-2021,TS INNOVATION ACQUISITIONS CORP. -,US87284T1007,Valuta Creditering,,EUR,2392.20,EUR,2417.88,22cdaf8e-9876-49b8-8cfe-062ab9a7081d
26-02-2021,15:32,26-02-2021,TS INNOVATION ACQUISITIONS CORP. -,US87284T1007,DEGIRO Transactiekosten en/of kosten van derden,,EUR,-0.70,EUR,25.68,22cdaf8e-9876-49b8-8cfe-062ab9a7081d
26-02-2021,15:32,26-02-2021,TS INNOVATION ACQUISITIONS CORP. -,US87284T1007,DEGIRO Transactiekosten en/of kosten van derden,,EUR,-0.50,EUR,26.38,22cdaf8e-9876-49b8-8cfe-062ab9a7081d
26-02-2021,15:32,26-02-2021,TS INNOVATION ACQUISITIONS CORP. -,US87284T1007,"Verkoop 212 @ 13,7 USD",,USD,2904.40,USD,2904.40,22cdaf8e-9876-49b8-8cfe-062ab9a7081d
05-02-2021,12:16,05-02-2021,,,"Overboeking van uw geldrekening bij flatexDEGIRO Bank AG: 2.973,12 EUR",,,,EUR,26.88,
05-02-2021,12:16,05-02-2021,FLATEX EURO BANKACCOUNT,NLFLATEXACNT,Degiro Cash Sweep Transfer,,EUR,2973.12,EUR,3000.00,
04-02-2021,06:40,03-02-2021,,,Sofort Deposit,,EUR,3000.00,EUR,26.88,
04-02-2021,06:40,03-02-2021,,,Reservation iDEAL / Sofort Deposit,,EUR,-3000.00,EUR,-2973.12,
03-02-2021,11:31,03-02-2021,,,"Overboeking van uw geldrekening bij flatexDEGIRO Bank AG: 30,92 EUR",,,,EUR,26.88,
03-02-2021,11:31,03-02-2021,FLATEX EURO BANKACCOUNT,NLFLATEXACNT,Degiro Cash Sweep Transfer,,EUR,30.92,EUR,57.80,
02-02-2021,21:19,02-02-2021,TS INNOVATION ACQUISITIONS CORP. -,US87284T1007,Valuta Creditering,1.2006,USD,1700.00,USD,0.00,abb50f90-17bd-4f86-8942-4b6909bae04c
02-02-2021,21:19,02-02-2021,TS INNOVATION ACQUISITIONS CORP. -,US87284T1007,Valuta Debitering,,EUR,-1415.96,EUR,26.88,abb50f90-17bd-4f86-8942-4b6909bae04c
02-02-2021,21:19,02-02-2021,TS INNOVATION ACQUISITIONS CORP. -,US87284T1007,DEGIRO Transactiekosten en/of kosten van derden,,EUR,-0.33,EUR,1442.84,abb50f90-17bd-4f86-8942-4b6909bae04c
02-02-2021,21:19,02-02-2021,TS INNOVATION ACQUISITIONS CORP. -,US87284T1007,Valuta Creditering,1.2006,USD,1700.00,USD,-1700.00,abb50f90-17bd-4f86-8942-4b6909bae04c
02-02-2021,21:19,02-02-2021,TS INNOVATION ACQUISITIONS CORP. -,US87284T1007,Valuta Debitering,,EUR,-1415.96,EUR,1443.17,abb50f90-17bd-4f86-8942-4b6909bae04c
02-02-2021,21:19,02-02-2021,TS INNOVATION ACQUISITIONS CORP. -,US87284T1007,DEGIRO Transactiekosten en/of kosten van derden,,EUR,-0.33,EUR,2859.13,abb50f90-17bd-4f86-8942-4b6909bae04c
02-02-2021,21:19,02-02-2021,TS INNOVATION ACQUISITIONS CORP. -,US87284T1007,Valuta Creditering,1.2006,USD,204.00,USD,-3400.00,abb50f90-17bd-4f86-8942-4b6909bae04c
02-02-2021,21:19,02-02-2021,TS INNOVATION ACQUISITIONS CORP. -,US87284T1007,Valuta Debitering,,EUR,-169.92,EUR,2859.46,abb50f90-17bd-4f86-8942-4b6909bae04c
02-02-2021,21:19,02-02-2021,TS INNOVATION ACQUISITIONS CORP. -,US87284T1007,DEGIRO Transactiekosten en/of kosten van derden,,EUR,-0.04,EUR,3029.38,abb50f90-17bd-4f86-8942-4b6909bae04c
02-02-2021,21:19,02-02-2021,TS INNOVATION ACQUISITIONS CORP. -,US87284T1007,DEGIRO Transactiekosten en/of kosten van derden,,EUR,-0.50,EUR,3029.42,abb50f90-17bd-4f86-8942-4b6909bae04c
02-02-2021,21:19,02-02-2021,TS INNOVATION ACQUISITIONS CORP. -,US87284T1007,Koop 100 @ 17 USD,,USD,-1700.00,USD,-3604.00,abb50f90-17bd-4f86-8942-4b6909bae04c
02-02-2021,21:19,02-02-2021,TS INNOVATION ACQUISITIONS CORP. -,US87284T1007,Koop 100 @ 17 USD,,USD,-1700.00,USD,-1904.00,abb50f90-17bd-4f86-8942-4b6909bae04c
02-02-2021,21:19,02-02-2021,TS INNOVATION ACQUISITIONS CORP. -,US87284T1007,Koop 12 @ 17 USD,,USD,-204.00,USD,-204.00,abb50f90-17bd-4f86-8942-4b6909bae04c
02-02-2021,21:06,02-02-2021,,,Trustly/Sofort Storting Kosten,,EUR,-1.00,EUR,3029.92,
02-02-2021,21:06,02-02-2021,,,Reservation iDEAL / Sofort Deposit,,EUR,3000.00,EUR,3030.92,
02-02-2021,13:03,02-02-2021,,,"Overboeking van uw geldrekening bij flatexDEGIRO Bank AG: 2,5 EUR",,,,EUR,30.92,
02-02-2021,13:03,02-02-2021,FLATEX EURO BANKACCOUNT,NLFLATEXACNT,Degiro Cash Sweep Transfer,,EUR,2.50,EUR,33.42,
31-01-2021,13:17,31-12-2020,,,DEGIRO Exchange Connection Fee 2021 (Xetra - XET),,EUR,-2.50,EUR,30.92,
31-12-2020,02:51,31-12-2020,,,Flatex Interest,,EUR,-0.64,EUR,33.42,
23-11-2020,10:45,23-11-2020,,,"Overboeking van uw geldrekening bij flatexDEGIRO Bank AG: 8.368,18 EUR",,,,EUR,34.06,
23-11-2020,10:45,23-11-2020,FLATEX EURO BANKACCOUNT,NLFLATEXACNT,Degiro Cash Sweep Transfer,,EUR,8368.18,EUR,8402.24,
20-11-2020,12:31,20-11-2020,TESLA INC,US88160R1014,DEGIRO Transactiekosten en/of kosten van derden,,EUR,-4.00,EUR,34.06,0fbfb915-4589-4d8b-bacb-ac9bcc4d99ff
20-11-2020,12:31,20-11-2020,TESLA INC,US88160R1014,DEGIRO Transactiekosten en/of kosten van derden,,EUR,-4.18,EUR,38.06,0fbfb915-4589-4d8b-bacb-ac9bcc4d99ff
20-11-2020,12:31,20-11-2020,TESLA INC,US88160R1014,Koop 20 @ 418 EUR,,EUR,-8360.00,EUR,42.24,0fbfb915-4589-4d8b-bacb-ac9bcc4d99ff
19-11-2020,16:40,18-11-2020,,,Sofort Deposit,,EUR,7000.00,EUR,8402.24,
19-11-2020,16:40,18-11-2020,,,Reservation iDEAL / Sofort Deposit,,EUR,-7000.00,EUR,1402.24,
18-11-2020,17:31,18-11-2020,,,Overboeking van uw geldrekening bij flatexDEGIRO Bank AG: 1 EUR,,,,EUR,8402.24,
18-11-2020,17:31,18-11-2020,FLATEX EURO BANKACCOUNT,NLFLATEXACNT,Degiro Cash Sweep Transfer,,EUR,1.00,EUR,8403.24,
18-11-2020,15:57,17-11-2020,,,"Overboeking naar uw geldrekening bij flatexDEGIRO Bank AG: 1.287,61 EUR",,,,EUR,8402.24,
18-11-2020,15:57,17-11-2020,FLATEX EURO BANKACCOUNT,NLFLATEXACNT,Degiro Cash Sweep Transfer,,EUR,-1287.61,EUR,7114.63,
17-11-2020,22:09,17-11-2020,,,Trustly/Sofort Storting Kosten,,EUR,-1.00,EUR,8402.24,
17-11-2020,22:09,17-11-2020,,,Reservation iDEAL / Sofort Deposit,,EUR,7000.00,EUR,8403.24,
16-11-2020,12:52,16-11-2020,CFE,BE0003883031,DEGIRO Transactiekosten en/of kosten van derden,,EUR,-2.00,EUR,1403.24,74f7be3c-1ffe-441d-9111-172dc6e597f7
16-11-2020,12:52,16-11-2020,CFE,BE0003883031,DEGIRO Transactiekosten en/of kosten van derden,,EUR,-0.39,EUR,1405.24,74f7be3c-1ffe-441d-9111-172dc6e597f7
16-11-2020,12:52,16-11-2020,CFE,BE0003883031,"Verkoop 20 @ 64,5 EUR",,EUR,1290.00,EUR,1405.63,74f7be3c-1ffe-441d-9111-172dc6e597f7
05-11-2020,12:15,05-11-2020,,,"Overboeking naar uw geldrekening bij flatexDEGIRO Bank AG: 115,63 EUR",,,,EUR,115.63,
05-11-2020,12:15,05-11-2020,FLATEX EURO BANKACCOUNT,NLFLATEXACNT,Degiro Cash Sweep Transfer,,EUR,-115.63,EUR,0.00,
04-11-2020,12:51,03-11-2020,FUNDSHARE UCITS EUR CASH FUND,NL0010661914,"Conversie geldmarktfonds: Verkoop 117,6626 @ 0,9827 EUR",,EUR,0.32,EUR,115.63,
14-09-2020,12:03,11-09-2020,FUNDSHARE UCITS EUR CASH FUND,NL0010661914,"Conversie geldmarktfonds: Verkoop 5.362,9941 @ 0,9839 EUR",,EUR,20.92,EUR,115.31,
11-09-2020,15:56,11-09-2020,TESLA INC,US88160R1014,DEGIRO Transactiekosten en/of kosten van derden,,EUR,-0.16,EUR,94.40,3b1c13fd-815a-4e3b-ba68-e419740e996d
11-09-2020,15:56,11-09-2020,TESLA INC,US88160R1014,DEGIRO Transactiekosten en/of kosten van derden,,EUR,-0.78,EUR,94.56,3b1c13fd-815a-4e3b-ba68-e419740e996d
11-09-2020,15:56,11-09-2020,TESLA INC,US88160R1014,DEGIRO Transactiekosten en/of kosten van derden,,EUR,-1.55,EUR,95.34,3b1c13fd-815a-4e3b-ba68-e419740e996d
11-09-2020,15:56,11-09-2020,TESLA INC,US88160R1014,DEGIRO Transactiekosten en/of kosten van derden,,EUR,-4.00,EUR,96.89,3b1c13fd-815a-4e3b-ba68-e419740e996d
11-09-2020,15:56,11-09-2020,TESLA INC,US88160R1014,DEGIRO Transactiekosten en/of kosten van derden,,EUR,-0.16,EUR,100.89,3b1c13fd-815a-4e3b-ba68-e419740e996d
11-09-2020,15:56,11-09-2020,TESLA INC,US88160R1014,Koop 1 @ 310 EUR,,EUR,-310.00,EUR,101.05,3b1c13fd-815a-4e3b-ba68-e419740e996d
11-09-2020,15:56,11-09-2020,TESLA INC,US88160R1014,Koop 5 @ 310 EUR,,EUR,-1550.00,EUR,411.05,3b1c13fd-815a-4e3b-ba68-e419740e996d
11-09-2020,15:56,11-09-2020,TESLA INC,US88160R1014,Koop 10 @ 310 EUR,,EUR,-3100.00,EUR,1961.05,3b1c13fd-815a-4e3b-ba68-e419740e996d
11-09-2020,15:56,11-09-2020,TESLA INC,US88160R1014,Koop 1 @ 310 EUR,,EUR,-310.00,EUR,5061.05,3b1c13fd-815a-4e3b-ba68-e419740e996d
11-09-2020,12:03,10-09-2020,FUNDSHARE UCITS EUR CASH FUND,NL0010661914,"Conversie geldmarktfonds: Koop 5.306,8705 @ 0,9839 EUR",,EUR,-20.70,EUR,5371.05,
10-09-2020,11:42,10-09-2020,KBC,BE0003565737,DEGIRO Transactiekosten en/of kosten van derden,,EUR,-2.00,EUR,5391.74,8150cf88-7206-4eda-ac41-5fd065ccc338
10-09-2020,11:42,10-09-2020,KBC,BE0003565737,DEGIRO Transactiekosten en/of kosten van derden,,EUR,-1.57,EUR,5393.74,8150cf88-7206-4eda-ac41-5fd065ccc338
10-09-2020,11:42,10-09-2020,KBC,BE0003565737,"Verkoop 110 @ 47,5 EUR",,EUR,5225.00,EUR,5395.31,8150cf88-7206-4eda-ac41-5fd065ccc338
03-09-2020,12:03,02-09-2020,FUNDSHARE UCITS EUR CASH FUND,NL0010661914,"Conversie geldmarktfonds: Verkoop 2,5404 @ 0,9841 EUR",,EUR,0.01,EUR,170.31,
02-09-2020,10:13,31-08-2020,,,DEGIRO Exchange Connection Fee 2020 (Nasdaq - NDQ),,EUR,-2.50,EUR,170.30,
31-08-2020,08:23,31-08-2020,TESLA INC,US88160R1014,STOCK SPLIT: Koop 50 @ 383 EUR,,EUR,-19150.00,EUR,172.80,
31-08-2020,08:23,31-08-2020,TESLA INC,US88160R1014,STOCK SPLIT: Verkoop 10 @ 1.915 EUR,,EUR,19150.00,EUR,19322.80,
25-08-2020,12:03,24-08-2020,FUNDSHARE UCITS EUR CASH FUND,NL0010661914,"Conversie geldmarktfonds: Verkoop 0,4645 @ 0,9842 EUR",,,,EUR,172.80,
24-08-2020,12:03,21-08-2020,FUNDSHARE UCITS EUR CASH FUND,NL0010661914,"Conversie geldmarktfonds: Verkoop 4.571,7768 @ 0,9842 EUR",,EUR,19.20,EUR,172.80,
21-08-2020,12:03,20-08-2020,FUNDSHARE UCITS EUR CASH FUND,NL0010661914,"Conversie geldmarktfonds: Koop 4.708,5848 @ 0,9843 EUR",,EUR,-20.25,EUR,153.60,
21-08-2020,08:09,21-08-2020,,,Terugstorting,,EUR,-4500.00,EUR,173.84,
20-08-2020,21:52,20-08-2020,CUREVAC NV,NL0015436031,Valuta Debitering,1.1870,USD,-3078.50,USD,0.00,7302a760-92cc-443d-875e-f15535bdc85b
20-08-2020,21:52,20-08-2020,CUREVAC NV,NL0015436031,Valuta Creditering,,EUR,2593.54,EUR,4673.84,7302a760-92cc-443d-875e-f15535bdc85b
20-08-2020,21:52,20-08-2020,CUREVAC NV,NL0015436031,DEGIRO Transactiekosten en/of kosten van derden,,EUR,-0.16,EUR,2080.30,7302a760-92cc-443d-875e-f15535bdc85b
20-08-2020,21:52,20-08-2020,CUREVAC NV,NL0015436031,"Verkoop 47 @ 65,5 USD",,USD,3078.50,USD,3078.50,7302a760-92cc-443d-875e-f15535bdc85b
20-08-2020,21:51,20-08-2020,CUREVAC NV,NL0015436031,Valuta Debitering,1.1869,USD,-2423.50,USD,0.00,7302a760-92cc-443d-875e-f15535bdc85b
20-08-2020,21:51,20-08-2020,CUREVAC NV,NL0015436031,Valuta Creditering,,EUR,2041.90,EUR,2080.46,7302a760-92cc-443d-875e-f15535bdc85b
20-08-2020,21:51,20-08-2020,CUREVAC NV,NL0015436031,DEGIRO Transactiekosten en/of kosten van derden,,EUR,-0.50,EUR,38.56,7302a760-92cc-443d-875e-f15535bdc85b
20-08-2020,21:51,20-08-2020,CUREVAC NV,NL0015436031,DEGIRO Transactiekosten en/of kosten van derden,,EUR,-0.12,EUR,39.06,7302a760-92cc-443d-875e-f15535bdc85b
20-08-2020,21:51,20-08-2020,CUREVAC NV,NL0015436031,"Verkoop 37 @ 65,5 USD",,USD,2423.50,USD,2423.50,7302a760-92cc-443d-875e-f15535bdc85b
18-08-2020,12:04,17-08-2020,FUNDSHARE UCITS EUR CASH FUND,NL0010661914,"Conversie geldmarktfonds: Koop 39,9831 @ 0,9843 EUR",,EUR,-0.17,EUR,39.18,
17-08-2020,16:31,17-08-2020,CUREVAC NV,NL0015436031,Valuta Creditering,1.1861,USD,5880.00,USD,0.00,aabfe71f-51fe-43c5-b7f5-e4f7f9fafc8e
17-08-2020,16:31,17-08-2020,CUREVAC NV,NL0015436031,Valuta Debitering,,EUR,-4957.37,EUR,39.36,aabfe71f-51fe-43c5-b7f5-e4f7f9fafc8e
17-08-2020,16:31,17-08-2020,CUREVAC NV,NL0015436031,DEGIRO Transactiekosten en/of kosten van derden,,EUR,-0.50,EUR,4996.73,aabfe71f-51fe-43c5-b7f5-e4f7f9fafc8e
17-08-2020,16:31,17-08-2020,CUREVAC NV,NL0015436031,DEGIRO Transactiekosten en/of kosten van derden,,EUR,-0.28,EUR,4997.23,aabfe71f-51fe-43c5-b7f5-e4f7f9fafc8e
17-08-2020,16:31,17-08-2020,CUREVAC NV,NL0015436031,Koop 84 @ 70 USD,,USD,-5880.00,USD,-5880.00,aabfe71f-51fe-43c5-b7f5-e4f7f9fafc8e
15-08-2020,12:10,15-08-2020,,,Trustly/Sofort Storting Kosten,,EUR,-1.00,EUR,4997.51,
15-08-2020,12:10,15-08-2020,,,iDEAL storting,,EUR,5001.00,EUR,4998.51,
05-08-2020,15:04,31-07-2020,,,DEGIRO Exchange Connection Fee 2020 (Xetra - XET),,EUR,-2.50,EUR,-2.49,
14-07-2020,12:03,13-07-2020,FUNDSHARE UCITS EUR CASH FUND,NL0010661914,"Conversie geldmarktfonds: Verkoop 0,0056 @ 0,985 EUR",,,,EUR,0.01,
13-07-2020,12:03,10-07-2020,FUNDSHARE UCITS EUR CASH FUND,NL0010661914,"Conversie geldmarktfonds: Verkoop 358,071 @ 0,985 EUR",,EUR,-1.79,EUR,0.01,
10-07-2020,12:31,10-07-2020,,,Terugstorting,,EUR,-352.70,EUR,1.80,
10-07-2020,12:03,09-07-2020,FUNDSHARE UCITS EUR CASH FUND,NL0010661914,"Conversie geldmarktfonds: Verkoop 9.282,2943 @ 0,985 EUR",,EUR,-46.41,EUR,354.50,
09-07-2020,17:39,09-07-2020,,,Terugstorting geweigerd,,EUR,353.67,EUR,400.91,
09-07-2020,09:26,09-07-2020,,,Terugstorting geweigerd,,EUR,-353.67,EUR,47.24,
09-07-2020,09:04,09-07-2020,TESLA INC,US88160R1014,DEGIRO Transactiekosten en/of kosten van derden,,EUR,-4.00,EUR,400.91,7bda1af7-d185-464b-a2e8-05f237de95b8
09-07-2020,09:04,09-07-2020,TESLA INC,US88160R1014,DEGIRO Transactiekosten en/of kosten van derden,,EUR,-4.24,EUR,404.91,7bda1af7-d185-464b-a2e8-05f237de95b8
09-07-2020,09:04,09-07-2020,TESLA INC,US88160R1014,DEGIRO Transactiekosten en/of kosten van derden,,EUR,-4.00,EUR,409.15,242176dd-f3be-43c5-ba8b-e67f22323a81
09-07-2020,09:04,09-07-2020,TESLA INC,US88160R1014,DEGIRO Transactiekosten en/of kosten van derden,,EUR,-1.82,EUR,413.15,242176dd-f3be-43c5-ba8b-e67f22323a81
09-07-2020,09:04,09-07-2020,TESLA INC,US88160R1014,"Koop 7 @ 1.212,8 EUR",,EUR,-8489.60,EUR,414.97,7bda1af7-d185-464b-a2e8-05f237de95b8
09-07-2020,09:04,09-07-2020,TESLA INC,US88160R1014,"Koop 3 @ 1.212,8 EUR",,EUR,-3638.40,EUR,8904.57,242176dd-f3be-43c5-ba8b-e67f22323a81
09-07-2020,07:26,09-07-2020,,,Trustly/Sofort Storting Kosten,,EUR,-1.00,EUR,12542.97,
09-07-2020,07:26,09-07-2020,,,iDEAL storting,,EUR,3000.00,EUR,12543.97,
06-07-2020,12:03,03-07-2020,FUNDSHARE UCITS EUR CASH FUND,NL0010661914,"Conversie geldmarktfonds: Koop 9.432,6545 @ 0,9851 EUR",,EUR,46.22,EUR,9543.97,
03-07-2020,17:05,03-07-2020,,,Trustly/Sofort Storting Kosten,,EUR,-1.00,EUR,9497.75,
03-07-2020,17:05,03-07-2020,,,iDEAL storting,,EUR,5000.00,EUR,9498.75,
03-07-2020,16:54,03-07-2020,BARCO,BE0974362940,DEGIRO Transactiekosten en/of kosten van derden,,EUR,-0.27,EUR,4498.75,13beadf5-9c5a-4014-82e3-682551205c46
03-07-2020,16:54,03-07-2020,BARCO,BE0974362940,DEGIRO Transactiekosten en/of kosten van derden,,EUR,-2.00,EUR,4499.02,13beadf5-9c5a-4014-82e3-682551205c46
03-07-2020,16:54,03-07-2020,BARCO,BE0974362940,DEGIRO Transactiekosten en/of kosten van derden,,EUR,-0.21,EUR,4501.02,13beadf5-9c5a-4014-82e3-682551205c46
03-07-2020,16:54,03-07-2020,BARCO,BE0974362940,"Verkoop 39 @ 22,98 EUR",,EUR,896.22,EUR,4501.23,13beadf5-9c5a-4014-82e3-682551205c46
03-07-2020,16:54,03-07-2020,BARCO,BE0974362940,"Verkoop 31 @ 22,98 EUR",,EUR,712.38,EUR,3605.01,13beadf5-9c5a-4014-82e3-682551205c46
03-07-2020,16:53,03-07-2020,AB INBEV,BE0974293251,DEGIRO Transactiekosten en/of kosten van derden,,EUR,-2.00,EUR,2892.63,78f7a00d-b1b3-4921-bc57-a8cf9ab60909
03-07-2020,16:53,03-07-2020,AB INBEV,BE0974293251,DEGIRO Transactiekosten en/of kosten van derden,,EUR,-0.81,EUR,2894.63,78f7a00d-b1b3-4921-bc57-a8cf9ab60909
03-07-2020,16:53,03-07-2020,AB INBEV,BE0974293251,"Verkoop 60 @ 44,83 EUR",,EUR,2689.80,EUR,2895.44,78f7a00d-b1b3-4921-bc57-a8cf9ab60909
01-07-2020,08:38,01-07-2020,BARCO,BE0974362940,"STOCK SPLIT: Koop 70 @ 22,4286 EUR",,EUR,-1570.00,EUR,205.64,
01-07-2020,08:38,01-07-2020,BARCO,BE0003790079,STOCK SPLIT: Verkoop 10 @ 157 EUR,,EUR,1570.00,EUR,1775.64,
15-06-2020,12:36,12-06-2020,FUNDSHARE UCITS EUR CASH FUND,NL0010661914,"Conversie geldmarktfonds: Koop 21,3112 @ 0,9854 EUR",,EUR,0.10,EUR,205.64,
12-06-2020,08:28,11-06-2020,AB INBEV,BE0974293251,Dividend,,EUR,30.00,EUR,205.55,
12-06-2020,08:28,11-06-2020,AB INBEV,BE0974293251,Dividendbelasting,,EUR,-9.00,EUR,175.55,
04-06-2020,12:05,03-06-2020,FUNDSHARE UCITS EUR CASH FUND,NL0010661914,"Conversie geldmarktfonds: Koop 153,9745 @ 0,9855 EUR",,EUR,0.69,EUR,184.55,
03-06-2020,09:00,03-06-2020,NYRSTAR,BE0974294267,DEGIRO Transactiekosten en/of kosten van derden,,EUR,-2.00,EUR,183.85,7b01d79a-eca5-4dfc-8e47-76da27b4fe4a
03-06-2020,09:00,03-06-2020,NYRSTAR,BE0974294267,DEGIRO Transactiekosten en/of kosten van derden,,EUR,-0.05,EUR,185.85,7b01d79a-eca5-4dfc-8e47-76da27b4fe4a
03-06-2020,09:00,03-06-2020,NYRSTAR,BE0974294267,"Verkoop 1 @ 0,096 EUR",,EUR,0.10,EUR,185.90,7b01d79a-eca5-4dfc-8e47-76da27b4fe4a
03-06-2020,09:00,03-06-2020,NYRSTAR,BE0974294267,"Verkoop 1.601 @ 0,096 EUR",,EUR,153.70,EUR,185.80,7b01d79a-eca5-4dfc-8e47-76da27b4fe4a
15-05-2020,12:04,14-05-2020,FUNDSHARE UCITS EUR CASH FUND,NL0010661914,"Conversie geldmarktfonds: Verkoop 30,7669 @ 0,9858 EUR",,EUR,-0.13,EUR,32.11,
14-05-2020,14:01,13-05-2020,FUNDSHARE UCITS EUR CASH FUND,NL0010661914,"Conversie geldmarktfonds: Verkoop 201,974 @ 0,9858 EUR",,EUR,-0.85,EUR,32.24,
14-05-2020,12:05,14-05-2020,KBC,BE0003565737,DEGIRO Transactiekosten en/of kosten van derden,,EUR,-2.00,EUR,33.08,93e500af-d016-408b-8fb2-953034bc9b96
14-05-2020,12:05,14-05-2020,KBC,BE0003565737,DEGIRO Transactiekosten en/of kosten van derden,,EUR,-0.49,EUR,35.08,93e500af-d016-408b-8fb2-953034bc9b96
14-05-2020,12:05,14-05-2020,KBC,BE0003565737,"Koop 40 @ 40,49 EUR",,EUR,-1619.60,EUR,35.57,93e500af-d016-408b-8fb2-953034bc9b96
14-05-2020,12:03,14-05-2020,NOKIA OYJ,FI0009000681,DEGIRO Transactiekosten en/of kosten van derden,,EUR,-4.00,EUR,1655.17,06cc8603-308b-4f1c-b1d6-f15af7a08d04
14-05-2020,12:03,14-05-2020,NOKIA OYJ,FI0009000681,DEGIRO Transactiekosten en/of kosten van derden,,EUR,-0.79,EUR,1659.17,06cc8603-308b-4f1c-b1d6-f15af7a08d04
14-05-2020,12:03,14-05-2020,NOKIA OYJ,FI0009000681,"Verkoop 500 @ 3,156 EUR",,EUR,1578.00,EUR,1659.96,06cc8603-308b-4f1c-b1d6-f15af7a08d04
14-05-2020,08:14,13-05-2020,BARCO,BE0003790079,Dividend,,EUR,26.50,EUR,81.96,
14-05-2020,08:14,13-05-2020,BARCO,BE0003790079,Dividendbelasting,,EUR,-7.95,EUR,55.46,
12-05-2020,17:35,12-05-2020,NYRSTAR,BE0974294267,DEGIRO Transactiekosten en/of kosten van derden,,EUR,-0.02,EUR,63.41,a1260ec8-9d4e-418b-8e1b-ade8b1dc166c
12-05-2020,17:35,12-05-2020,NYRSTAR,BE0974294267,"Koop 507 @ 0,123 EUR",,EUR,-62.36,EUR,63.43,a1260ec8-9d4e-418b-8e1b-ade8b1dc166c
12-05-2020,17:29,12-05-2020,NYRSTAR,BE0974294267,DEGIRO Transactiekosten en/of kosten van derden,,EUR,-2.00,EUR,125.79,a1260ec8-9d4e-418b-8e1b-ade8b1dc166c
12-05-2020,17:29,12-05-2020,NYRSTAR,BE0974294267,DEGIRO Transactiekosten en/of kosten van derden,,EUR,-0.04,EUR,127.79,a1260ec8-9d4e-418b-8e1b-ade8b1dc166c
12-05-2020,17:29,12-05-2020,NYRSTAR,BE0974294267,"Koop 1.095 @ 0,123 EUR",,EUR,-134.69,EUR,127.83,a1260ec8-9d4e-418b-8e1b-ade8b1dc166c
05-05-2020,12:05,04-05-2020,FUNDSHARE UCITS EUR CASH FUND,NL0010661914,"Conversie geldmarktfonds: Verkoop 2,5355 @ 0,986 EUR",,EUR,-0.01,EUR,262.52,
01-05-2020,17:05,30-04-2020,,,DEGIRO Exchange Connection Fee 2020 (Nasdaq Helsinki AB - HSE),,EUR,-2.50,EUR,262.53,
22-04-2020,12:04,21-04-2020,FUNDSHARE UCITS EUR CASH FUND,NL0010661914,"Conversie geldmarktfonds: Verkoop 9.871,3114 @ 0,9861 EUR",,EUR,-38.50,EUR,265.03,
21-04-2020,12:44,21-04-2020,KBC,BE0003565737,Transactiebelasting België,,EUR,-10.66,EUR,303.53,2e1f42a3-d26e-415f-8437-57c0103b6cac
21-04-2020,12:44,21-04-2020,KBC,BE0003565737,DEGIRO Transactiekosten en/of kosten van derden,,EUR,-2.00,EUR,314.19,2e1f42a3-d26e-415f-8437-57c0103b6cac
21-04-2020,12:44,21-04-2020,KBC,BE0003565737,DEGIRO Transactiekosten en/of kosten van derden,,EUR,-0.91,EUR,316.19,2e1f42a3-d26e-415f-8437-57c0103b6cac
21-04-2020,12:44,21-04-2020,KBC,BE0003565737,"Koop 70 @ 43,5 EUR",,EUR,-3045.00,EUR,317.10,2e1f42a3-d26e-415f-8437-57c0103b6cac
21-04-2020,12:43,21-04-2020,AB INBEV,BE0974293251,Transactiebelasting België,,EUR,-1.64,EUR,3362.10,73a3a519-9b34-476b-a7dd-cf434c274a6e
21-04-2020,12:43,21-04-2020,AB INBEV,BE0974293251,DEGIRO Transactiekosten en/of kosten van derden,,EUR,-0.14,EUR,3363.74,73a3a519-9b34-476b-a7dd-cf434c274a6e
21-04-2020,12:43,21-04-2020,AB INBEV,BE0974293251,Transactiebelasting België,,EUR,-6.55,EUR,3363.88,73a3a519-9b34-476b-a7dd-cf434c274a6e
21-04-2020,12:43,21-04-2020,AB INBEV,BE0974293251,DEGIRO Transactiekosten en/of kosten van derden,,EUR,-2.00,EUR,3370.43,73a3a519-9b34-476b-a7dd-cf434c274a6e
21-04-2020,12:43,21-04-2020,AB INBEV,BE0974293251,DEGIRO Transactiekosten en/of kosten van derden,,EUR,-0.56,EUR,3372.43,73a3a519-9b34-476b-a7dd-cf434c274a6e
21-04-2020,12:43,21-04-2020,AB INBEV,BE0974293251,Koop 12 @ 39 EUR,,EUR,-468.00,EUR,3372.99,73a3a519-9b34-476b-a7dd-cf434c274a6e
21-04-2020,12:43,21-04-2020,AB INBEV,BE0974293251,Koop 48 @ 39 EUR,,EUR,-1872.00,EUR,3840.99,73a3a519-9b34-476b-a7dd-cf434c274a6e
21-04-2020,12:34,21-04-2020,CFE,BE0003883031,Transactiebelasting België,,EUR,-1.41,EUR,5712.99,bbe444a8-8ffa-404d-b6ad-9acc0c5cc3b4
21-04-2020,12:34,21-04-2020,CFE,BE0003883031,DEGIRO Transactiekosten en/of kosten van derden,,EUR,-0.12,EUR,5714.40,bbe444a8-8ffa-404d-b6ad-9acc0c5cc3b4
21-04-2020,12:34,21-04-2020,CFE,BE0003883031,"Koop 6 @ 67,3 EUR",,EUR,-403.80,EUR,5714.52,bbe444a8-8ffa-404d-b6ad-9acc0c5cc3b4
21-04-2020,12:34,21-04-2020,CFE,BE0003883031,Transactiebelasting België,,EUR,-3.30,EUR,6118.32,bbe444a8-8ffa-404d-b6ad-9acc0c5cc3b4
21-04-2020,12:34,21-04-2020,CFE,BE0003883031,DEGIRO Transactiekosten en/of kosten van derden,,EUR,-2.00,EUR,6121.62,bbe444a8-8ffa-404d-b6ad-9acc0c5cc3b4
21-04-2020,12:34,21-04-2020,CFE,BE0003883031,DEGIRO Transactiekosten en/of kosten van derden,,EUR,-0.28,EUR,6123.62,bbe444a8-8ffa-404d-b6ad-9acc0c5cc3b4
21-04-2020,12:34,21-04-2020,CFE,BE0003883031,"Koop 14 @ 67,3 EUR",,EUR,-942.20,EUR,6123.90,bbe444a8-8ffa-404d-b6ad-9acc0c5cc3b4
21-04-2020,12:29,21-04-2020,NOKIA OYJ,FI0009000681,Transactiebelasting België,,EUR,-0.65,EUR,7066.10,42719fc8-e827-48dd-b7d2-d3c410236c52
21-04-2020,12:29,21-04-2020,NOKIA OYJ,FI0009000681,DEGIRO Transactiekosten en/of kosten van derden,,EUR,-0.09,EUR,7066.75,42719fc8-e827-48dd-b7d2-d3c410236c52
21-04-2020,12:29,21-04-2020,NOKIA OYJ,FI0009000681,"Koop 59 @ 3,17 EUR",,EUR,-187.03,EUR,7066.84,42719fc8-e827-48dd-b7d2-d3c410236c52
21-04-2020,12:29,21-04-2020,NOKIA OYJ,FI0009000681,Transactiebelasting België,,EUR,-4.89,EUR,7253.87,42719fc8-e827-48dd-b7d2-d3c410236c52
21-04-2020,12:29,21-04-2020,NOKIA OYJ,FI0009000681,DEGIRO Transactiekosten en/of kosten van derden,,EUR,-4.00,EUR,7258.76,42719fc8-e827-48dd-
,,,,,,,,,,,b7d2-d3c410236c52
21-04-2020,12:29,21-04-2020,NOKIA OYJ,FI0009000681,DEGIRO Transactiekosten en/of kosten van derden,,EUR,-0.70,EUR,7262.76,42719fc8-e827-48dd-b7d2-d3c410236c52
21-04-2020,12:29,21-04-2020,NOKIA OYJ,FI0009000681,"Koop 441 @ 3,17 EUR",,EUR,-1397.97,EUR,7263.46,42719fc8-e827-48dd-b7d2-d3c410236c52
21-04-2020,12:16,21-04-2020,BARCO,BE0003790079,Transactiebelasting België,,EUR,-4.79,EUR,8661.43,e15b33bf-75b5-4992-9030-497772880b5d
21-04-2020,12:16,21-04-2020,BARCO,BE0003790079,DEGIRO Transactiekosten en/of kosten van derden,,EUR,-2.00,EUR,8666.22,e15b33bf-75b5-4992-9030-497772880b5d
21-04-2020,12:16,21-04-2020,BARCO,BE0003790079,DEGIRO Transactiekosten en/of kosten van derden,,EUR,-0.41,EUR,8668.22,e15b33bf-75b5-4992-9030-497772880b5d
21-04-2020,12:16,21-04-2020,BARCO,BE0003790079,"Koop 10 @ 136,9 EUR",,EUR,-1369.00,EUR,8668.63,e15b33bf-75b5-4992-9030-497772880b5d
21-04-2020,12:05,20-04-2020,FUNDSHARE UCITS EUR CASH FUND,NL0010661914,"Conversie geldmarktfonds: Verkoop 1,028 @ 0,9861 EUR",,,,EUR,10037.63,
20-04-2020,12:04,17-04-2020,FUNDSHARE UCITS EUR CASH FUND,NL0010661914,"Conversie geldmarktfonds: Koop 10.139,9451 @ 0,9862 EUR",,EUR,38.53,EUR,10037.64,
17-04-2020,12:57,17-04-2020,,,Trustly/Sofort Storting Kosten,,EUR,-1.00,EUR,9999.10,
17-04-2020,12:57,17-04-2020,,,iDEAL storting,,EUR,10000.00,EUR,10000.10,
02-04-2020,12:06,01-04-2020,FUNDSHARE UCITS EUR CASH FUND,NL0010661914,"Conversie geldmarktfonds: Verkoop 0,1012 @ 0,9864 EUR",,,,EUR,0.10,
01-04-2020,10:13,31-03-2020,FUNDSHARE UCITS EUR CASH FUND,NL0010661914,"Conversie geldmarktfonds: Koop 0,1013 @ 0,9865 EUR",,,,EUR,0.10,
31-03-2020,16:42,30-03-2020,FUNDSHARE UCITS EUR CASH FUND,NL0010661914,"Conversie geldmarktfonds: Koop 0,1013 @ 0,9865 EUR",,,,EUR,0.10,
29-03-2020,13:37,29-03-2020,,,iDEAL storting,,EUR,0.10,EUR,0.10,
